@article{calvo-fernandez2024,
    title = {The PointGroupNRG code for numerical renormalization group
             calculations with discrete point-group symmetries},
    journal = {Computer Physics Communications},
    volume = {296},
    pages = {109032},
    year = {2024},
    issn = {0010-4655},
    author = {Aitor Calvo-Fernández and María Blanco-Rey and Asier Eiguren},
}

@article{bulla2008,
    title = {Numerical renormalization group method for quantum impurity systems},
    author = {Bulla, Ralf and Costi, Theo A. and Pruschke, Thomas},
    journal = {Rev. Mod. Phys.},
    volume = {80},
    issue = {2},
    pages = {395--450},
    numpages = {0},
    year = {2008},
    month = {Apr},
    publisher = {American Physical Society},
}

@misc{juliadoc,
    title = {Julia 1.10 documentation},
    howpublished = {\url{https://docs.julialang.org/en/v1/}},
    year = {2024}
}

@article{chen1995,
    title = {X-ray-edge singularities with nonconstant density of states: A renormalization-group approach},
    author = {Chen, Kan and Jayaprakash, C.},
    journal = {Phys. Rev. B},
    volume = {52},
    issue = {20},
    pages = {14436--14440},
    numpages = {0},
    year = {1995},
    month = {Nov},
    publisher = {American Physical Society},
    doi = {10.1103/PhysRevB.52.14436},
    url = {https://link.aps.org/doi/10.1103/PhysRevB.52.14436}
}

@article{campo2005,
    title = {Alternative discretization in the numerical renormalization-group method},
    author = {Campo, Vivaldo L. and Oliveira, Luiz N.},
    journal = {Phys. Rev. B},
    volume = {72},
    issue = {10},
    pages = {104432},
    numpages = {10},
    year = {2005},
    month = {Sep},
    publisher = {American Physical Society},
    doi = {10.1103/PhysRevB.72.104432},
    url = {https://link.aps.org/doi/10.1103/PhysRevB.72.104432}
}

@article{krishna-murthy1980a,
    title = {Renormalization-group approach to the Anderson model of dilute magnetic alloys. I. Static properties for the symmetric case},
    author = {Krishna-murthy, H. R. and Wilkins, J. W. and Wilson, K. G.},
    journal = {Phys. Rev. B},
    volume = {21},
    issue = {3},
    pages = {1003--1043},
    numpages = {0},
    year = {1980},
    month = {Feb},
    publisher = {American Physical Society},
    doi = {10.1103/PhysRevB.21.1003},
    url = {https://link.aps.org/doi/10.1103/PhysRevB.21.1003}
}

@article{krishna-murthy1980b,
  title = {Renormalization-group approach to the Anderson model of dilute magnetic alloys. II. Static properties for the asymmetric case},
  author = {Krishna-murthy, H. R. and Wilkins, J. W. and Wilson, K. G.},
  journal = {Phys. Rev. B},
  volume = {21},
  issue = {3},
  pages = {1044--1083},
  numpages = {0},
  year = {1980},
  month = {Feb},
  publisher = {American Physical Society},
  doi = {10.1103/PhysRevB.21.1044},
  url = {https://link.aps.org/doi/10.1103/PhysRevB.21.1044}
}

@book{hewson1997,
    title={The Kondo Problem to Heavy Fermions},
    author={Hewson, A.C.},
    isbn={9780521599474},
    lccn={98107736},
    series={Cambridge Studies in Magnetism},
    url={https://books.google.es/books?id=fPzgHneNFDAC},
    year={1997},
    publisher={Cambridge University Press}
}

@article{cox1987,
    title = {Quadrupolar Kondo effect in uranium heavy-electron materials?},
    author = {Cox, D. L.},
    journal = {Phys. Rev. Lett.},
    volume = {59},
    issue = {11},
    pages = {1240--1243},
    numpages = {0},
    year = {1987},
    month = {Sep},
    publisher = {American Physical Society},
    doi = {10.1103/PhysRevLett.59.1240},
    url = {https://link.aps.org/doi/10.1103/PhysRevLett.59.1240}
}

